<?xml version="1.0" encoding="UTF-8"?><collection xmlns="http://www.loc.gov/MARC21/slim"><record><leader>00586nam--2200193-u-4500</leader><controlfield tag="001">000055991</controlfield><controlfield tag="002">20161230</controlfield><controlfield tag="005">20161230201052</controlfield><controlfield tag="008">140225s1000------------r-----000-0-rum-d</controlfield><datafield ind1=" " ind2=" " tag="020"><subfield code="a">9786065982833</subfield></datafield><datafield ind1=" " ind2=" " tag="040"><subfield code="a">IFIN-HH</subfield></datafield><datafield ind1=" " ind2=" " tag="041"><subfield code="a">rum</subfield></datafield><datafield ind1="1" ind2=" " tag="100"><subfield code="a">Regneala, M</subfield></datafield><datafield ind1="1" ind2="0" tag="245"><subfield code="a">Omagiu. regneala mircea</subfield><subfield code="b">Biblioteconomia romaneasca la inceput de secolxi: omagiu profesorului mircea regneala la 70 ani</subfield><subfield code="c">Robert coravu, elena tarziman (coord)</subfield></datafield><datafield ind1=" " ind2=" " tag="260"><subfield code="a">Constanta</subfield><subfield code="b">Ex Ponto</subfield><subfield code="c">2013</subfield></datafield><datafield ind1=" " ind2=" " tag="300"><subfield code="a">302P</subfield></datafield><datafield ind1="1" ind2=" " tag="700"><subfield code="a">Tarziman, Elena</subfield></datafield><datafield ind1=" " ind2=" " tag="852"><subfield code="a">82372</subfield><subfield code="c">02</subfield></datafield><datafield ind1=" " ind2=" " tag="CAT"><subfield code="a">Sys</subfield><subfield code="c">20140227</subfield><subfield code="h">133425</subfield></datafield></record></collection>